<record xmlns="http://www.loc.gov/MARC21/slim" xmlns:xsi="http://www.w3.org/2001/XMLSchema-instance" xsi:schemaLocation="http://www.loc.gov/MARC21/slim http://www.loc.gov/standards/marcxml/schema/MARC21slim.xsd"><leader>02143nam a2200373   4500</leader><controlfield tag="001">001676621</controlfield><controlfield tag="003">NNU</controlfield><controlfield tag="006">m        d        </controlfield><controlfield tag="007">cr cn |||m|||a</controlfield><controlfield tag="008">150222s1899    le      o     000 0 ara d</controlfield><datafield ind1=" " ind2=" " tag="040"><subfield code="a">NNU</subfield><subfield code="b">eng</subfield><subfield code="e">rda</subfield><subfield code="c">NNU</subfield></datafield><datafield ind1=" " ind2="4" tag="050"><subfield code="a">PJ6101</subfield><subfield code="b">.F33 1899</subfield></datafield><datafield ind1="1" ind2=" " tag="100"><subfield code="6">880-01</subfield><subfield code="a">Farh&#803;a&#772;t, Jirma&#772;nu&#772;s,</subfield><subfield code="d">1670 or 1671-1732 or 1733.</subfield></datafield><datafield ind1="1" ind2="0" tag="240"><subfield code="6">880-02</subfield><subfield code="a">Bah&#803;th al-mat&#803;a&#772;lib fi&#772; &#699;ilm al-&#699;Arabi&#772;yah</subfield></datafield><datafield ind1="1" ind2="0" tag="245"><subfield code="6">880-03</subfield><subfield code="a">Kita&#772;b bah&#803;th al-mat&#803;a&#772;lib fi&#772; &#699;ilm al-&#699;Arabi&#772;yah /</subfield><subfield code="c">Jirma&#772;nu&#772;s Farh&#803;at ; ma&#699;a h&#803;awa&#772;shin &#699;alayhi li-mus&#803;ah&#803;h&#803;ihi Sa&#699;i&#772;d al-Khu&#772;ri&#772; al-Shartu&#772;ni&#772; al-Lubna&#772;ni&#772;.</subfield></datafield><datafield ind1=" " ind2=" " tag="260"><subfield code="c">1899.</subfield></datafield><datafield ind1=" " ind2=" " tag="300"><subfield code="a">online resource (363 pages)</subfield></datafield><datafield ind1=" " ind2=" " tag="336"><subfield code="a">text</subfield><subfield code="2">rdacontent</subfield></datafield><datafield ind1=" " ind2=" " tag="337"><subfield code="a">computer</subfield><subfield code="2">rdamedia</subfield></datafield><datafield ind1=" " ind2=" " tag="338"><subfield code="a">online resource</subfield><subfield code="2">rdacarrier</subfield></datafield><datafield ind1=" " ind2=" " tag="500"><subfield code="a">Part of the Arabic Collections Online (ACO) project, contributed by New York Univeristy Libraries.</subfield></datafield><datafield ind1=" " ind2=" " tag="533"><subfield code="a">Electronic reproduction.</subfield><subfield code="b">New York, N.Y. :</subfield><subfield code="c">New York University,</subfield><subfield code="d">2015.</subfield><subfield code="5">NNU</subfield></datafield><datafield ind1="1" ind2=" " tag="700"><subfield code="6">880-04</subfield><subfield code="a">Shart&#363;n&#299;, Sa&#699;&#299;d al-Kh&#363;r&#299;,</subfield><subfield code="d">1849-1912</subfield></datafield><datafield ind1="2" ind2=" " tag="710"><subfield code="a">New York University.</subfield><subfield code="b">Libraries.</subfield></datafield><datafield ind1="0" ind2=" " tag="730"><subfield code="a">Arabic Collections Online.</subfield></datafield><datafield ind1="0" ind2="8" tag="776"><subfield code="i">Online version:</subfield><subfield code="a">Farh&#803;a&#772;t, Jirma&#772;nu&#772;s, 1670 or 1671-1732 or 1733.</subfield><subfield code="s">Bah&#803;th al-mat&#803;a&#772;lib fi&#772; &#699;ilm al-&#699;Arabi&#772;yah.</subfield><subfield code="t">Kita&#772;b bah&#803;th al-mat&#803;a&#772;lib fi&#772; &#699;ilm al-&#699;Arabi&#772;yah.</subfield><subfield code="d">1899</subfield><subfield code="w">(OCoLC)875854904</subfield></datafield><datafield ind1="0" ind2="8" tag="776"><subfield code="i">Print version:</subfield><subfield code="a">Farh&#803;a&#772;t, Jirma&#772;nu&#772;s, 1670 or 1671-1732 or 1733.</subfield><subfield code="t">Kita&#772;b bah&#803;th al-mat&#803;a&#772;lib fi&#772; &#699;ilm al-&#699;Arabi&#772;yah</subfield><subfield code="w">(NNU)001676621</subfield></datafield><datafield ind1="4" ind2="0" tag="856"><subfield code="u">http://hdl.handle.net/2333.1/f1vhhp8t</subfield></datafield><datafield ind1="1" ind2=" " tag="880"><subfield code="6">100-01/</subfield><subfield code="a">&#1601;&#1585;&#1581;&#1575;&#1578;&#1548; &#1580;&#1585;&#1605;&#1575;&#1606;&#1608;&#1587;&#1548;</subfield><subfield code="d">1670 or 1671-1732 or 1733.</subfield></datafield><datafield ind1="1" ind2="0" tag="880"><subfield code="6">240-02/</subfield><subfield code="a">&#1576;&#1581;&#1579; &#1575;&#1604;&#1605;&#1591;&#1575;&#1604;&#1576; &#1601;&#1610; &#1593;&#1604;&#1605; &#1575;&#1604;&#1593;&#1585;&#1576;&#1610;&#1577;</subfield></datafield><datafield ind1="1" ind2="0" tag="880"><subfield code="6">245-03/</subfield><subfield code="a">&#1603;&#1578;&#1575;&#1576; &#1576;&#1581;&#1579; &#1575;&#1604;&#1605;&#1591;&#1575;&#1604;&#1576; &#1601;&#1610; &#1593;&#1604;&#1605; &#1575;&#1604;&#1593;&#1585;&#1576;&#1610;&#1577; /</subfield><subfield code="c">&#1580;&#1585;&#1605;&#1575;&#1606;&#1608;&#1587; &#1601;&#1585;&#1581;&#1577; &#1563; &#1605;&#1593; &#1581;&#1608;&#1575;&#1588;&#1606; &#1593;&#1604;&#1610;&#1607; &#1604;&#1605;&#1589;&#1581;&#1581;&#1607; &#1587;&#1593;&#1610;&#1583; &#1575;&#1604;&#1582;&#1608;&#1585;&#1610; &#1575;&#1604;&#1588;&#1585;&#1578;&#1608;&#1606;&#1610; &#1575;&#1604;&#1604;&#1576;&#1606;&#1575;&#1606;&#1610;.</subfield></datafield><datafield ind1="1" ind2=" " tag="880"><subfield code="6">700-04/</subfield><subfield code="a">&#1588;&#1585;&#1578;&#1608;&#1606;&#1610;&#1548; &#1587;&#1593;&#1610;&#1583; &#1575;&#1604;&#1582;&#1608;&#1585;&#1610;&#1548;</subfield><subfield code="d">18491912.</subfield></datafield><datafield ind1=" " ind2=" " tag="959"><subfield code="a">NNU</subfield><subfield code="b">WEB</subfield><subfield code="c">GENI</subfield><subfield code="t">0</subfield><subfield code="m">Electronic access</subfield><subfield code="s">01</subfield></datafield><datafield ind1=" " ind2=" " tag="999"><subfield code="i">NNU_001676621</subfield><subfield code="s">nyu_aco000225</subfield><subfield code="e">(ERROR-880)</subfield></datafield></record>